<record><leader>00000cas a22000007a 4500</leader><controlfield tag="001">17515625</controlfield><controlfield tag="008">880222d19401943gauwr ne      0    0eng d</controlfield><datafield ind1=" " ind2=" " tag="010"><subfield code="a">sn 88086043 </subfield></datafield><datafield ind1=" " ind2=" " tag="040"><subfield code="a">NPV</subfield><subfield code="b">eng</subfield><subfield code="c">NPV</subfield><subfield code="d">NVF</subfield><subfield code="d">OCLCQ</subfield><subfield code="d">OCLCF</subfield><subfield code="d">OCL</subfield><subfield code="d">OCLCO</subfield></datafield><datafield ind1="1" ind2=" " tag="029"><subfield code="a">AU@</subfield><subfield code="b">000020504194</subfield></datafield><datafield ind1=" " ind2=" " tag="042"><subfield code="a">msc</subfield></datafield><datafield ind1=" " ind2=" " tag="043"><subfield code="a">n-us---</subfield><subfield code="a">n-us-ga</subfield></datafield><datafield ind1="0" ind2="0" tag="245"><subfield code="a">Armored force news.</subfield></datafield><datafield ind1=" " ind2=" " tag="260"><subfield code="a">Covington, Ga. :</subfield><subfield code="b">Armored Force News,</subfield><subfield code="c">-1943.</subfield></datafield><datafield ind1=" " ind2=" " tag="300"><subfield code="a">v.</subfield></datafield><datafield ind1=" " ind2=" " tag="310"><subfield code="a">Weekly</subfield></datafield><datafield ind1="0" ind2=" " tag="362"><subfield code="a">-v. 3, no. 52 (Sept. 13, 1943).</subfield></datafield><datafield ind1="1" ind2=" " tag="362"><subfield code="a">Began with Sept. 12, 1940 issue?</subfield></datafield><datafield ind1=" " ind2=" " tag="500"><subfield code="a">"A civilian enterprise in the interest of Armored Force personnel stationed at Fort Knox, Ky., Fort Benning, Ga., Camp Polk, La., Pine Camp, NY., Camp Chaffee, Ark., Fort Riley, Kans., Camp Campbell, Ky., Fort George G. Meade, Md., Fort Lewis, Wash., Camp Claiborne, La., Fort Leonard Wood, Mo., Camp Bowie, Tex., Camp Hood, Tex, Fort Ord, Calif., Fort Bragg, N.C., Camp Gordon, Ga., Camp Barkeley, Tex., and undisclosed stations in the United States and abroad."</subfield></datafield><datafield ind1=" " ind2=" " tag="588"><subfield code="a">Description based on: Vol. 3, no. 8 (Nov. 9, 1942).</subfield></datafield><datafield ind1=" " ind2="0" tag="651"><subfield code="a">United States</subfield><subfield code="x">Armed Forces</subfield><subfield code="z">Georgia</subfield><subfield code="v">Newspapers.</subfield></datafield><datafield ind1=" " ind2="7" tag="650"><subfield code="a">Armed Forces.</subfield><subfield code="2">fast</subfield><subfield code="0">(OCoLC)fst00814586</subfield></datafield><datafield ind1=" " ind2="7" tag="651"><subfield code="a">Georgia</subfield><subfield code="2">fast</subfield><subfield code="0">(OCoLC)fst01204622</subfield></datafield><datafield ind1=" " ind2="7" tag="651"><subfield code="a">United States.</subfield><subfield code="2">fast</subfield><subfield code="0">(OCoLC)fst01204155</subfield></datafield><datafield ind1=" " ind2="7" tag="655"><subfield code="a">Newspapers.</subfield><subfield code="2">fast</subfield><subfield code="0">(OCoLC)fst01423814</subfield></datafield><datafield ind1=" " ind2=" " tag="752"><subfield code="a">United States</subfield><subfield code="b">Georgia</subfield><subfield code="c">Newton</subfield><subfield code="d">Covington.</subfield></datafield><datafield ind1="0" ind2="0" tag="785"><subfield code="t">Armored news</subfield><subfield code="w">(DLC)sn 88086042</subfield></datafield></record>